<?xml version="1.0" encoding="UTF-8"?>
<record>
  <leader>01836nas a2200541 c 4500</leader>
  <controlfield tag="005">20230515105652.0</controlfield>
  <controlfield tag="006">sa</controlfield>
  <controlfield tag="007">tu</controlfield>
  <controlfield tag="008">991120c19849999gw z||p|  ||| 0||||1ger c</controlfield>
  <controlfield tag="003">DE-605</controlfield>
  <controlfield tag="001">990054345550206441</controlfield>
  <datafield tag="015" ind1=" " ind2=" ">
    <subfield code="a">85,B02,0814</subfield>
    <subfield code="2">dnb</subfield>
  </datafield>
  <datafield tag="016" ind1="7" ind2=" ">
    <subfield code="a">619424-2</subfield>
    <subfield code="2">DE-600</subfield>
  </datafield>
  <datafield tag="016" ind1="7" ind2=" ">
    <subfield code="a">01359009X</subfield>
    <subfield code="2">DE-101</subfield>
  </datafield>
  <datafield tag="022" ind1=" " ind2=" ">
    <subfield code="a">0177-0403</subfield>
  </datafield>
  <datafield tag="035" ind1=" " ind2=" ">
    <subfield code="a">(DE-599)ZDB619424-2</subfield>
  </datafield>
  <datafield tag="035" ind1=" " ind2=" ">
    <subfield code="a">(OCoLC)985104571</subfield>
  </datafield>
  <datafield tag="035" ind1=" " ind2=" ">
    <subfield code="a">(DE-600)619424-2</subfield>
  </datafield>
  <datafield tag="035" ind1=" " ind2=" ">
    <subfield code="a">(DE-101)01359009X</subfield>
  </datafield>
  <datafield tag="040" ind1=" " ind2=" ">
    <subfield code="a">9001</subfield>
    <subfield code="b">ger</subfield>
    <subfield code="c">DE-101</subfield>
    <subfield code="d">9001</subfield>
  </datafield>
  <datafield tag="041" ind1=" " ind2=" ">
    <subfield code="a">ger</subfield>
  </datafield>
  <datafield tag="044" ind1=" " ind2=" ">
    <subfield code="c">XA-DE</subfield>
  </datafield>
  <datafield tag="082" ind1="0" ind2="4">
    <subfield code="a">943.5511005</subfield>
    <subfield code="q">DE-101</subfield>
    <subfield code="2">22/ger</subfield>
  </datafield>
  <datafield tag="084" ind1=" " ind2=" ">
    <subfield code="a">8,1</subfield>
    <subfield code="2">ssgn</subfield>
  </datafield>
  <datafield tag="084" ind1=" " ind2=" ">
    <subfield code="a">710</subfield>
    <subfield code="a">330</subfield>
    <subfield code="2">rpb</subfield>
  </datafield>
  <datafield tag="084" ind1=" " ind2=" ">
    <subfield code="a">Eilendorf</subfield>
    <subfield code="0">https://nwbib.de/spatial#Q1304021</subfield>
    <subfield code="2">nwbib</subfield>
  </datafield>
  <datafield tag="084" ind1=" " ind2=" ">
    <subfield code="a">Landesbeschreibungen</subfield>
    <subfield code="0">https://nwbib.de/subjects#N102000</subfield>
    <subfield code="2">nwbib</subfield>
  </datafield>
  <datafield tag="084" ind1=" " ind2=" ">
    <subfield code="8">4\p</subfield>
    <subfield code="a">943</subfield>
    <subfield code="a">914.3</subfield>
    <subfield code="q">DE-101</subfield>
    <subfield code="2">sdnb</subfield>
  </datafield>
  <datafield tag="084" ind1=" " ind2=" ">
    <subfield code="a">914.3</subfield>
    <subfield code="a">943</subfield>
    <subfield code="q">DE-600</subfield>
    <subfield code="2">sdnb</subfield>
  </datafield>
  <datafield tag="245" ind1="0" ind2="0">
    <subfield code="a">Eilendorfer Heimatblätter</subfield>
    <subfield code="b">Jahresschrift des Heimatvereins Eilendorf 1983 e.V.</subfield>
  </datafield>
  <datafield tag="264" ind1="3" ind2="1">
    <subfield code="a">Aachen-Eilendorf</subfield>
    <subfield code="b">Heimatverein</subfield>
    <subfield code="c">1984-</subfield>
  </datafield>
  <datafield tag="336" ind1=" " ind2=" ">
    <subfield code="b">txt</subfield>
  </datafield>
  <datafield tag="337" ind1=" " ind2=" ">
    <subfield code="b">n</subfield>
  </datafield>
  <datafield tag="338" ind1=" " ind2=" ">
    <subfield code="b">nc</subfield>
  </datafield>
  <datafield tag="362" ind1="0" ind2=" ">
    <subfield code="a">1.1983(1984) -</subfield>
  </datafield>
  <datafield tag="363" ind1="0" ind2="1">
    <subfield code="8">1.1\x</subfield>
    <subfield code="a">1</subfield>
    <subfield code="i">1983</subfield>
  </datafield>
  <datafield tag="365" ind1=" " ind2=" ">
    <subfield code="b">kart. (Pr. nicht mitget.), (für Mitglieder kostenlos)</subfield>
  </datafield>
  <datafield tag="689" ind1="0" ind2="0">
    <subfield code="a">Aachen-Eilendorf</subfield>
    <subfield code="D">g</subfield>
    <subfield code="0">(DE-588)4092409-9</subfield>
  </datafield>
  <datafield tag="689" ind1="0" ind2="1">
    <subfield code="a">Heimatkunde</subfield>
    <subfield code="D">s</subfield>
    <subfield code="0">(DE-588)4127794-6</subfield>
  </datafield>
  <datafield tag="689" ind1="0" ind2="2">
    <subfield code="a">Zeitschrift</subfield>
    <subfield code="A">f</subfield>
  </datafield>
  <datafield tag="689" ind1="0" ind2=" ">
    <subfield code="5">DE-6</subfield>
    <subfield code="5">DE-605</subfield>
  </datafield>
  <datafield tag="883" ind1="1" ind2=" ">
    <subfield code="8">2\p</subfield>
    <subfield code="a">gndddc</subfield>
    <subfield code="c">1</subfield>
    <subfield code="d">20190525</subfield>
    <subfield code="q">DE-101</subfield>
    <subfield code="u">https://d-nb.info/provenance/plan#gndddc</subfield>
  </datafield>
  <datafield tag="883" ind1="2" ind2=" ">
    <subfield code="8">4\p</subfield>
    <subfield code="a">dnb</subfield>
    <subfield code="d">20180326</subfield>
    <subfield code="q">DE-101</subfield>
    <subfield code="u">https://d-nb.info/provenance/plan#dnb</subfield>
  </datafield>
  <datafield tag="960" ind1="1" ind2=" ">
    <subfield code="n">NWBib-Zeitschrift-61</subfield>
  </datafield>
  <datafield tag="710" ind1="2" ind2=" ">
    <subfield code="a">Heimatverein Eilendorf 1983</subfield>
    <subfield code="0">(DE-588)2098277-X</subfield>
    <subfield code="4">isb</subfield>
  </datafield>
  <datafield tag="651" ind1=" " ind2="7">
    <subfield code="a">Aachen</subfield>
    <subfield code="2">local</subfield>
  </datafield>
  <datafield tag="655" ind1=" " ind2="7">
    <subfield code="a">Zeitschrift</subfield>
    <subfield code="0">(DE-588)4067488-5</subfield>
    <subfield code="2">gnd-content</subfield>
  </datafield>
  <datafield tag="583" ind1="1" ind2=" ">
    <subfield code="a">Archivierung/Langzeitarchivierung gewährleistet</subfield>
    <subfield code="c">2020</subfield>
    <subfield code="f">PENW</subfield>
    <subfield code="5">DE-5</subfield>
    <subfield code="2">pdager</subfield>
  </datafield>
  <datafield tag="MBD" ind1=" " ind2=" ">
    <subfield code="M">49HBZ_NETWORK</subfield>
    <subfield code="i">990054345550206441</subfield>
    <subfield code="n">HBZ Network</subfield>
  </datafield>
  <datafield tag="MBD" ind1=" " ind2=" ">
    <subfield code="M">49HBZ_BRIDGE_LBZ</subfield>
    <subfield code="i">99156957707506</subfield>
    <subfield code="n">Rheinische Landesbibliothek Koblenz</subfield>
  </datafield>
  <datafield tag="MNG" ind1=" " ind2=" ">
    <subfield code="c">ritterr######49HBZ_DUE</subfield>
    <subfield code="f">ZDB</subfield>
    <subfield code="i">marc21</subfield>
    <subfield code="h">20221031150717.0</subfield>
    <subfield code="k">01</subfield>
    <subfield code="e">false</subfield>
    <subfield code="d">2023-05-15 10:56:52 Europe/Berlin</subfield>
    <subfield code="g">005434555-HBZ01</subfield>
    <subfield code="j">60</subfield>
    <subfield code="a">import</subfield>
    <subfield code="b">2021-04-05 15:01:24 Europe/Berlin</subfield>
  </datafield>
  <datafield tag="H16" ind1="7" ind2=" ">
    <subfield code="a">619424-2</subfield>
    <subfield code="2">DE-600</subfield>
    <subfield code="8">2275368700007506</subfield>
  </datafield>
  <datafield tag="H35" ind1=" " ind2=" ">
    <subfield code="a">(DE-600)327993936</subfield>
    <subfield code="8">2275368700007506</subfield>
  </datafield>
  <datafield tag="H92" ind1=" " ind2=" ">
    <subfield code="a">540100-8</subfield>
    <subfield code="8">2275368700007506</subfield>
  </datafield>
  <datafield tag="H52" ind1="8" ind2="1">
    <subfield code="t">1</subfield>
    <subfield code="c">kA</subfield>
    <subfield code="a">DE-929</subfield>
    <subfield code="h">Z 5354</subfield>
    <subfield code="8">1</subfield>
    <subfield code="b">R0001</subfield>
    <subfield code="8">2275368700007506</subfield>
  </datafield>
  <datafield tag="H59" ind1="1" ind2="0">
    <subfield code="8">1.2\x</subfield>
    <subfield code="i">1993</subfield>
    <subfield code="a">11</subfield>
    <subfield code="i">2005</subfield>
    <subfield code="a">23</subfield>
    <subfield code="8">2275368700007506</subfield>
  </datafield>
  <datafield tag="H59" ind1="0" ind2="0">
    <subfield code="8">1.1\x</subfield>
    <subfield code="a">1</subfield>
    <subfield code="i">1983</subfield>
    <subfield code="a">13</subfield>
    <subfield code="i">1995</subfield>
    <subfield code="8">2275368700007506</subfield>
  </datafield>
  <datafield tag="H66" ind1="3" ind2="0">
    <subfield code="a">1.1983(1984) - 11.1993(1994); 13.1995(1996) - 23.2005(2006)</subfield>
    <subfield code="8">2275368700007506</subfield>
  </datafield>
  <datafield tag="H66" ind1=" " ind2="0">
    <subfield code="z">Dauerleihgabe WGfF</subfield>
    <subfield code="8">2275368700007506</subfield>
  </datafield>
  <datafield tag="HOL" ind1=" " ind2=" ">
    <subfield code="d">2023-05-31 12:10:59</subfield>
    <subfield code="8">2275368700007506</subfield>
    <subfield code="b">2023-05-31 12:10:59</subfield>
    <subfield code="M">49HBZ_BRIDGE_LBZ</subfield>
    <subfield code="g">false</subfield>
    <subfield code="a">System</subfield>
    <subfield code="c">System</subfield>
  </datafield>
</record>
